@article{celani2014odor,
  title={Odor landscapes in turbulent environments},
  author={Celani, Antonio and Villermaux, Emmanuel and Vergassola, Massimo},
  journal={Physical Review X},
  volume={4},
  number={4},
  pages={041015},
  year={2014},
  publisher={APS}
}

@article{schmuker2016exploiting,
  title={Exploiting plume structure to decode gas source distance using metal-oxide gas sensors},
  author={Schmuker, Michael and Bahr, Viktor and Huerta, Ram{\'o}n},
  journal={Sensors and Actuators B: Chemical},
  volume={235},
  pages={636--646},
  year={2016},
  publisher={Elsevier}
}

@article{jacob2017olfactory,
  title={Olfactory coding in the turbulent realm},
  author={Jacob, Vincent and Monsemp{\`e}s, Christelle and Rospars, Jean-Pierre and Masson, Jean-Baptiste and Lucas, Philippe},
  journal={PLoS computational biology},
  volume={13},
  number={12},
  pages={e1005870},
  year={2017},
  publisher={Public Library of Science}
}

@article{li2013two,
  title={A two-layer biophysical model of cholinergic neuromodulation in olfactory bulb},
  author={Li, Guoshi and Cleland, Thomas A},
  journal={Journal of Neuroscience},
  volume={33},
  number={7},
  pages={3037--3058},
  year={2013},
  publisher={Soc Neuroscience}
}

@article{brea2009biophysical,
  title={Biophysical model for gamma rhythms in the olfactory bulb via subthreshold oscillations},
  author={Brea, Jorge N and Kay, Leslie M and Kopell, Nancy J},
  journal={Proceedings of the National Academy of Sciences},
  volume={106},
  number={51},
  pages={21954--21959},
  year={2009},
  publisher={National Acad Sciences}
}

